[gd_scene load_steps=14 format=2]

[ext_resource path="res://Scripts/Main/Main.gd" type="Script" id=1]
[ext_resource path="res://Scripts/Main/Floor.gd" type="Script" id=2]
[ext_resource path="res://Sprites/Main/Snow.png" type="Texture" id=3]
[ext_resource path="res://Scripts/Main/Player.gd" type="Script" id=4]
[ext_resource path="res://Sprites/Main/Player.png" type="Texture" id=5]
[ext_resource path="res://Scripts/Main/Obstacle.gd" type="Script" id=6]
[ext_resource path="res://Sprites/rocks_sheet.png" type="Texture" id=7]
[ext_resource path="res://Fonts/Righteous.tres" type="DynamicFont" id=8]
[ext_resource path="res://Scripts/Main/ScoreLabel.gd" type="Script" id=9]
[ext_resource path="res://Scripts/Main/DeathControl.gd" type="Script" id=10]

[sub_resource type="RectangleShape2D" id=1]

[sub_resource type="RectangleShape2D" id=2]
extents = Vector2( 28, 27 )

[sub_resource type="RectangleShape2D" id=3]
extents = Vector2( 40, 40 )

[node name="Node" type="Node"]
script = ExtResource( 1 )

[node name="Camera2D" type="Camera2D" parent="."]
anchor_mode = 0
current = true

[node name="Walls" type="Node2D" parent="."]

[node name="WallLeft" type="StaticBody2D" parent="Walls"]
position = Vector2( -10, 230 )

[node name="CollisionShape2D" type="CollisionShape2D" parent="Walls/WallLeft"]
shape = SubResource( 1 )

[node name="WallRight" type="StaticBody2D" parent="Walls"]
position = Vector2( 730, 230 )

[node name="CollisionShape2D" type="CollisionShape2D" parent="Walls/WallRight"]
shape = SubResource( 1 )

[node name="Floors" type="Node2D" parent="."]

[node name="FloorLane" type="Node2D" parent="Floors"]
script = ExtResource( 2 )

[node name="icon" type="Sprite" parent="Floors/FloorLane"]
texture = ExtResource( 3 )
centered = false

[node name="FloorLane2" type="Node2D" parent="Floors"]
visible = false
position = Vector2( 0, -1028 )
script = ExtResource( 2 )

[node name="icon" type="Sprite" parent="Floors/FloorLane2"]
texture = ExtResource( 3 )
centered = false

[node name="Player" type="KinematicBody2D" parent="."]
position = Vector2( 362, 227 )
script = ExtResource( 4 )

[node name="CollisionShape2D" type="CollisionShape2D" parent="Player"]
shape = SubResource( 2 )

[node name="Sprite" type="Sprite" parent="Player"]
position = Vector2( 2.79031, -13.5222 )
scale = Vector2( 1.5, 1.5 )
texture = ExtResource( 5 )
region_enabled = true
region_rect = Rect2( 0, 0, 32, 64 )

[node name="Obstacle" type="KinematicBody2D" parent="."]
position = Vector2( 650, 1450 )
script = ExtResource( 6 )

[node name="Sprite" type="Sprite" parent="Obstacle"]
scale = Vector2( 0.75, 0.75 )
texture = ExtResource( 7 )
region_enabled = true
region_rect = Rect2( 0, 0, 128, 128 )

[node name="Area2D" type="Area2D" parent="Obstacle"]

[node name="CollisionShape2D" type="CollisionShape2D" parent="Obstacle/Area2D"]
shape = SubResource( 3 )

[node name="HUD" type="Control" parent="."]
margin_right = 40.0
margin_bottom = 40.0

[node name="ScoreLabel" type="Label" parent="HUD"]
margin_left = 324.0
margin_top = 3.0
margin_right = 396.0
margin_bottom = 128.0
custom_fonts/font = ExtResource( 8 )
custom_colors/font_color = Color( 1, 1, 1, 1 )
custom_colors/font_color_shadow = Color( 0, 0, 0, 1 )
text = "0"
align = 1
script = ExtResource( 9 )

[node name="DeathControl" type="Control" parent="."]
pause_mode = 2
visible = false
margin_right = 40.0
margin_bottom = 40.0
script = ExtResource( 10 )

[node name="lbl_score" type="Label" parent="DeathControl"]
margin_left = 10.5665
margin_top = 287.724
margin_right = 660.567
margin_bottom = 412.724
custom_fonts/font = ExtResource( 8 )
custom_colors/font_color_shadow = Color( 0, 0, 0, 1 )
text = "You Scored: 0"
align = 1
valign = 1

[node name="Buttons" type="Control" parent="DeathControl"]
visible = false
margin_right = 40.0
margin_bottom = 40.0

[node name="btn_menu" type="Button" parent="DeathControl/Buttons"]
margin_left = 214.218
margin_top = 417.128
margin_right = 495.218
margin_bottom = 548.128
custom_fonts/font = ExtResource( 8 )
text = "Menu"

[node name="btn_restart" type="Button" parent="DeathControl/Buttons"]
margin_left = 166.745
margin_top = 591.367
margin_right = 549.745
margin_bottom = 722.367
custom_fonts/font = ExtResource( 8 )
text = "Restart"

[node name="btn_quit" type="Button" parent="DeathControl/Buttons"]
margin_left = 233.36
margin_top = 774.51
margin_right = 471.36
margin_bottom = 905.51
custom_fonts/font = ExtResource( 8 )
text = "Quit"

[node name="Highscore" type="Control" parent="DeathControl"]
margin_right = 40.0
margin_bottom = 40.0

[node name="lbl_new_highscore" type="Label" parent="DeathControl/Highscore"]
margin_left = 2.78943
margin_top = 396.11
margin_right = 717.789
margin_bottom = 521.11
custom_fonts/font = ExtResource( 8 )
text = "New Highscore!"

[node name="lbl_name" type="Label" parent="DeathControl/Highscore"]
margin_left = 11.158
margin_top = 513.27
margin_right = 726.158
margin_bottom = 766.27
custom_fonts/font = ExtResource( 8 )
text = "Name
"

[node name="btn_submit" type="Button" parent="DeathControl/Highscore"]
margin_left = 180.359
margin_top = 693.614
margin_right = 512.359
margin_bottom = 824.614
custom_fonts/font = ExtResource( 8 )
text = "Submit"

[node name="btn_dont_submit" type="Button" parent="DeathControl/Highscore"]
margin_left = 49.2521
margin_top = 858.195
margin_right = 655.252
margin_bottom = 989.195
custom_fonts/font = ExtResource( 8 )
text = "Don't Submit"

[node name="TextEdit" type="TextEdit" parent="DeathControl/Highscore"]
margin_left = 315.0
margin_top = 516.0
margin_right = 707.0
margin_bottom = 634.0
hint_tooltip = "Name:"
custom_fonts/font = ExtResource( 8 )

[connection signal="obstacle_passed" from="Obstacle" to="HUD/ScoreLabel" method="_on_KinematicBody2D_obstacle_passed"]
[connection signal="body_entered" from="Obstacle/Area2D" to="Obstacle" method="_on_Area2D_body_entered"]
[connection signal="add_obstacle" from="HUD/ScoreLabel" to="." method="_on_ScoreLabel_add_obstacle"]
[connection signal="speed_up" from="HUD/ScoreLabel" to="Obstacle" method="_on_ScoreLabel_speed_up"]
[connection signal="speed_up" from="HUD/ScoreLabel" to="Floors/FloorLane" method="_on_ScoreLabel_speed_up"]
[connection signal="pressed" from="DeathControl/Buttons/btn_menu" to="DeathControl" method="_on_btn_menu_pressed"]
[connection signal="pressed" from="DeathControl/Buttons/btn_restart" to="DeathControl" method="_on_btn_restart_pressed"]
[connection signal="pressed" from="DeathControl/Buttons/btn_quit" to="DeathControl" method="_on_btn_quit_pressed"]
[connection signal="pressed" from="DeathControl/Highscore/btn_submit" to="DeathControl" method="_on_btn_submit_pressed"]
[connection signal="pressed" from="DeathControl/Highscore/btn_dont_submit" to="DeathControl" method="_on_btn_dont_submit_pressed"]
